@incollection{grabisch2016fuzzy,
  title = {Fuzzy measures and integrals in MCDA},
  author = {Grabisch, Michel and Labreuche, Christophe},
  booktitle = {Multiple Criteria Decision Analysis},
  pages = {553--603},
  year = {2016},
  publisher = {Springer}
}

@website{keras,
  title = {\textsc{Keras}: The Python Deep Learning library},
  howpublished = {\url{https://keras.io/}}
}
